@online{eth-1,
    title = {TotalBitcoin.org - Ethereum: The Birth and Evolution of the Smart Contract Revolution},
    url = {https://totalbitcoin.org/ethereum-evolution/},
    year = {2024},
    urldate = {2025-06-18}
}

@article{eth-2,
    author = {Alexander Karaivanov and Shayan Zarifian},
    title = {Economic determinants of Ethereum transaction fees in the priority fee and proof of stake periods},
    journal = {Applied Economics},
    volume = {0},
    number = {0},
    pages = {1--19},
    year = {2024},
    publisher = {Routledge},
    doi = {10.1080/00036846.2024.2426819},
    URL = {
    https://doi.org/10.1080/00036846.2024.2426819
    },
    eprint = {
    https://doi.org/10.1080/00036846.2024.2426819
    }

}

@online{eth-3,
    title = {theknowledgeaccademy.com - Advantages and Disadvantages of Ethereum},
    url = {https://www.theknowledgeacademy.com/blog/advantages-and-disadvantages-of-ethereum/},
    year = {2024},
    urldate = {2025-06-18}
}

@online{usdc-1,
    title = {Investopia.com - USD Coin (USDC): Definition, How It Works in Currency, and Value},
    url = {https://www.investopedia.com/usd-coin-5210435},
    year = {2024},
    urldate = {2025-06-18}
}

@online{usdc-2,
    title = {Financial Times - Stablecoins are bank deposits},
    url = {https://www.ft.com/content/625f9f0e-0144-4bc4-99e2-571ab64ccbe9},
    year = {2025},
    urldate = {2025-06-18}
}

@online{circle-usdc,
    title = {circle.com - USDC},
    url = {https://www.circle.com/usdc},
    year = {2025},
    urldate = {2025-06-18}
}

@online{usdc-3,
    title = {McKinsey & Company - The stable door opens: How tokenized cash enables next-gen payments},
    url = {https://www.mckinsey.com/industries/financial-services/our-insights/the-stable-door-opens-how-tokenized-cash-enables-next-gen-payments},
    year = {2025},
    urldate = {2025-06-18}
}