@online{broker-investing,
    title = {Investing.com - Die besten Krypto Broker â€“ Juni 2025},
    url = {https://de.investing.com/brokers/cryptocurrency-brokers/#:~:text=Zu%20den%20wichtigsten%20Aufgaben%20eines,an%20Kryptow%C3%A4hrungen%20als%20einzelne%20B%C3%B6rsen.},
    year = {2025},
    urldate = {2025-06-18}
}

@online{bybit-home,
    title = {ByBit.com},
    url = {https://www.bybit.com/en/},
    year = {2025},
    urldate = {2025-06-18}
}

@online{bybit-api-doc,
    title = {ByBit API Doc},
    url = {https://www.bybit.com/en/
https://bybit-exchange.github.io/docs/v5/intro},
    year = {2025},
    urldate = {2025-06-18}
}

@online{ig-home,
    title = {IG.com},
    url = {https://www.ig.com/de/kryptowaehrungshandel?_gl=1*15gtia3*_up*MQ..*_gs*MQ..&gclid=CjwKCAjwpMTCBhA-EiwA_-MsmST2-xxZ7Kxhnw1PDrrdvL7kdRSPmknOM0R2x2ShxY2-5F5G5_mIFBoCUikQAvD_BwE&gclsrc=aw.ds&gbraid=0AAAAADzDEsR-vDC7urfY1ODmU7i3x7bQU},
    year = {2025},
    urldate = {2025-06-18}
}

@online{ig-api-doc,
    title = {IG API Doc},
    url = {https://labs.ig.com/getting-started.html},
    year = {2025},
    urldate = {2025-06-18}
}

@online{capital-home,
    title = {Capital.com},
    url = {https://capital.com/de-de},
    year = {2025},
    urldate = {2025-06-18}
}

@online{capital-api-doc,
    title = {Capital API Doc},
    url = {https://open-api.capital.com/#section/General-information},
    year = {2025},
    urldate = {2025-06-18}
}

@online{bybit-api-doc-get-kline,
    title = {ByBit API Doc - Get Kline},
    url = {https://bybit-exchange.github.io/docs/v5/market/kline},
    year = {2025},
    urldate = {2025-06-18}
}