@online{investopia-trend-indicators,
    title = {Investiopia.com - Trend Trading: The 4 Most Common Indicators},
    url = {https://www.investopedia.com/articles/active-trading/041814/four-most-commonlyused-indicators-trend-trading.asp},
    year = {2025},
    urldate = {2025-06-19}
}

@online{investopia-ema,
    title = {Investiopia.com - What is EMA? How to Use Exponential Moving Average With Formula},
    url = {https://www.investopedia.com/terms/e/ema.asp},
    year = {2024},
    urldate = {2025-06-19}
}

@online{investopia-macd,
    title = {Investiopia.com - What Is MACD?},
    url = {https://www.investopedia.com/terms/m/macd.asp},
    year = {2024},
    urldate = {2025-06-19}
}

@online{investopia-atr,
    title = {Investiopia.com - Average True Range (ATR) Formula, What It Means, and How to Use It},
    url = {https://www.investopedia.com/terms/a/atr.asp},
    year = {2025},
    urldate = {2025-06-19}
}

@online{investopia-bb,
    title = {Investiopia.com - Bollinger Bands: What They Are, and What They Tell Investors},
    url = {https://www.investopedia.com/terms/b/bollingerbands.asp},
    year = {2024},
    urldate = {2025-06-19}
}

@online{investopia-momentum,
    title = {Investiopia.com - What Is a Momentum Indicator? Definition and Common Indicators},
    url = {https://www.investopedia.com/investing/momentum-and-relative-strength-index/},
    year = {2025},
    urldate = {2025-06-19}
}

@online{investopia-rsi,
    title = {Investiopia.com - Relative Strength Index (RSI) Indicator Explained With Formula},
    url = {https://www.investopedia.com/terms/r/rsi.asp},
    year = {2024},
    urldate = {2025-06-19}
}

@online{wikipedia-pca,
    title = {Wikipedia.org - Principal component analysis},
    url = {https://en.wikipedia.org/w/index.php?title=Principal_component_analysis&oldid=1296008542},
    year = {2024},
    urldate = {2025-06-20}
}ate = {2025-06-19}
}

@online{wikipedia-curse-od-dimensionality,
    title = {Wikipedia.org - Curse of dimensionality},
    url = {https://en.wikipedia.org/w/index.php?title=Curse_of_dimensionality&oldid=1296421397},
    year = {2024},
    urldate = {2025-06-20}
}