@online{investopia-trend-indicators,
    title = {Investiopia.com - Trend Trading: The 4 Most Common Indicators},
    url = {https://www.investopedia.com/articles/active-trading/041814/four-most-commonlyused-indicators-trend-trading.asp},
    year = {2025},
    urldate = {2025-06-19}
}

@online{investopia-ema,
    title = {Investiopia.com - What is EMA? How to Use Exponential Moving Average With Formula},
    url = {https://www.investopedia.com/terms/e/ema.asp},
    year = {2024},
    urldate = {2025-06-19}
}

@online{investopia-macd,
    title = {Investiopia.com - What Is MACD?},
    url = {https://www.investopedia.com/terms/m/macd.asp},
    year = {2024},
    urldate = {2025-06-19}
}

@online{investopia-atr,
    title = {Investiopia.com - Average True Range (ATR) Formula, What It Means, and How to Use It},
    url = {https://www.investopedia.com/terms/a/atr.asp},
    year = {2025},
    urldate = {2025-06-19}
}

@online{investopia-bb,
    title = {Investiopia.com - Bollinger Bands: What They Are, and What They Tell Investors},
    url = {https://www.investopedia.com/terms/b/bollingerbands.asp},
    year = {2024},
    urldate = {2025-06-19}
}

@online{investopia-momentum,
    title = {Investiopia.com - What Is a Momentum Indicator? Definition and Common Indicators},
    url = {https://www.investopedia.com/investing/momentum-and-relative-strength-index/},
    year = {2025},
    urldate = {2025-06-19}
}

@online{investopia-rsi,
    title = {Investiopia.com - Relative Strength Index (RSI) Indicator Explained With Formula},
    url = {https://www.investopedia.com/terms/r/rsi.asp},
    year = {2024},
    urldate = {2025-06-19}
}

@online{wikipedia-pca,
    title = {Wikipedia.org - Principal component analysis},
    url = {https://en.wikipedia.org/w/index.php?title=Principal_component_analysis&oldid=1296008542},
    year = {2024},
    urldate = {2025-06-20}
}

@online{wikipedia-curse-od-dimensionality,
    title = {Wikipedia.org - Curse of dimensionality},
    url = {https://en.wikipedia.org/w/index.php?title=Curse_of_dimensionality&oldid=1296421397},
    year = {2024},
    urldate = {2025-06-20}
}


@article{data-scaling,
    title = {Epileptic seizure detection using deep learning through min max scaler normalization},
    author = {Bharathi Deepa and K. Ramesh},
    journal = {International journal of health sciences},
    year = {2022},
    url = {https://api.semanticscholar.org/CorpusID:249138855}
}

@online{pca-scaling,
    title = {scikit-learn.org - Importance of Feature Scaling},
    url = {https://scikit-learn.org/stable/auto_examples/preprocessing/plot_scaling_importance.html},
    year = {2025},
    urldate = {2025-06-20}
}

@online{min-max,
    title = {scikit-learn.org - MinMaxScaler},
    url = {https://scikit-learn.org/stable/modules/generated/sklearn.preprocessing.MinMaxScaler.html},
    year = {2025},
    urldate = {2025-06-20}
}

@article{min-max-benefits,
    author = {Yoshua Bengio},
    title = {Practical recommendations for gradient-based training of deep architectures},
    journal = {CoRR},
    volume = {abs/1206.5533},
    year = {2012},
    url = {http://arxiv.org/abs/1206.5533},
    eprinttype = {arXiv},
    eprint = {1206.5533},
    timestamp = {Mon, 13 Aug 2018 16:47:20 +0200},
    biburl = {https://dblp.org/rec/journals/corr/abs-1206-5533.bib},
    bibsource = {dblp computer science bibliography, https://dblp.org}
}

@online{log-returns,
    title = {gregorygundersen.com - Returns and Log Returns},
    url = {https://gregorygundersen.com/blog/2022/02/06/log-returns/},
    year = {2022},
    urldate = {2025-06-20}
}