@online{macrosynergy-market-regime-introduction,
    title = {Macrosynergy - Classifying market regimes},
    url = {https://macrosynergy.com/research/classifying-market-regimes/},
    year = {2025},
    urldate = {2025-06-24}
}

@online{ig-regimes-mas,
    title = {IG.com - Moving averages: a guide to trend trading},
    url = {https://www.ig.com/en/trading-strategies/moving-averages--a-guide-to-trend-trading-241031},
    year = {2025},
    urldate = {2025-06-25}
}

@online{wiki-vola,
    title = {wikipedia.org - Volatility (finance)},
    url = {https://en.wikipedia.org/w/index.php?title=Volatility_(finance)&oldid=1291878143},
    year = {2025},
    urldate = {2025-06-25}
}