@online{britannica-position-size,
    title = {BritannicaMoney - Calculating position size in trading: The key to risk management},
    url = {https://www.britannica.com/money/calculating-position-size},
    year = {2024},
    urldate = {2025-06-23}
}

@online{bitpanda-crv,
    title = {bitpanda - Risk reward ratio: what is it \& why is it important?},
    url = {https://www.bitpanda.com/academy/en/lessons/risk-reward-ratio-what-is-it-and-why-is-it-important/},
    year = {2024},
    urldate = {2025-06-23}
}