@online{1-2-prozent,
    title = {brokercheck.eu - Risk Management for Traders: An Essential Guide},
    url = {https://brokercheck.eu/risk-management-traders},
    year = {2025},
    urldate = {2025-06-23}
}

@online{britannica-position-size,
    title = {BritannicaMoney - Calculating position size in trading: The key to risk management},
    url = {https://www.britannica.com/money/calculating-position-size},
    year = {2024},
    urldate = {2025-06-23}
}


@online{rrr-base,
    title = {investopia.com - Risk/Reward Ratio: What It Is, How Stock Investors Use It},
    url = {https://www.investopedia.com/terms/r/riskrewardratio.asp},
    year = {2024},
    urldate = {2025-06-23}
}

@online{bitpanda-crv,
    title = {bitpanda - Risk reward ratio: what is it \& why is it important?},
    url = {https://www.bitpanda.com/academy/en/lessons/risk-reward-ratio-what-is-it-and-why-is-it-important/},
    year = {2024},
    urldate = {2025-06-23}
}

@online{liquid-markets,
    title = {financemagnates.com - Understanding Liquidity and Market Liquidity},
    url = {https://www.financemagnates.com/forex/education-centre/understanding-liquidity-and-market-liquidity/},
    year = {2022},
    urldate = {2025-06-23}
}