@article{optuna-hyperparameters,
    author = {Harmoni, Yosua and Maulida Hindrayani, Kartika and Prasetya, Dwi},
    year = {2025},
    month = {05},
    pages = {401-414},
    title = {Optimizing Categorical Boosting Model with Optuna for Anti-Tuberculosis Drugs Classification},
    volume = {7},
    journal = {Indonesian Journal of Electronics, Electromedical Engineering, and Medical Informatics},
    doi = {10.35882/ijeeemi.v7i2.92}
}

@article{hyperparameter-importance,
    author = {Pardede, Jasman and Rijal, Khairul},
    year = {2025},
    month = {05},
    pages = {436-448},
    title = {The Effect of Hyperparameters on Faster R-CNN in Face Recognition Systems},
    volume = {9},
    journal = {Jurnal RESTI (Rekayasa Sistem dan Teknologi Informasi)},
    doi = {10.29207/resti.v9i3.6405}
}

@online{keras-home,
    title = {keras.io},
    url = {https://keras.io/},
    year = {2025},
    urldate = {2025-07-06}
}

@online{tf-windows,
    title = {tensorflow.org - Windows Install},
    url = {https://www.tensorflow.org/install/pip#windows-native},
    year = {2025},
    urldate = {2025-07-06}
}

@article{nn-basics,
    author = {Abdullah, Saleem and Ullah, Ihsan and Ghani, Fazal},
    year = {2024},
    month = {07},
    pages = {},
    title = {Heterogeneous wireless network selection using feed forward double hierarchy linguistic neural network},
    volume = {57},
    journal = {Artificial Intelligence Review},
    doi = {10.1007/s10462-024-10826-y}
}
