@online{performace,
    title = {quantifiedstrategies.com - Trading Performance: Strategy Metrics, Risk-Adjusted Metrics, And Backtest},
    url = {https://www.quantifiedstrategies.com/trading-performance/},
    year = {2025},
    urldate = {2025-07-15}
}

@online{mdd,
    title = {investopia.com - Maximum Drawdown (MDD): Definition and Formula},
    url = {https://www.investopedia.com/terms/m/maximum-drawdown-mdd.asp},
    year = {2025},
    urldate = {2025-07-15}
}

@online{dd,
    title = {investopia.com - Drawdown: What It Is, Risks, and Examples},
    url = {https://www.investopedia.com/terms/d/drawdown.asp},
    year = {2025},
    urldate = {2025-07-15}
}

@article{max-loss,
    author = {Jiang, Hao and Kelly, Bryan},
    year = {2012},
    month = {03},
    pages = {},
    title = {Tail Risk and Hedge Fund Returns},
    journal = {SSRN Electronic Journal},
    doi = {10.2139/ssrn.2021942}
}

@online{max-gain,
    title = {trustnet.com - What is maximum gain?},
    url = {https://www.trustnet.com/investing/13425786/what-is-maximum-gain},
    year = {2024},
    urldate = {2025-07-16}
}

@online{std,
    title = {investopia.com - Standard Deviation vs. Variance: Whatâ€™s the Difference?},
    url = {https://www.investopedia.com/ask/answers/021215/what-difference-between-standard-deviation-and-variance.asp},
    year = {2025},
    urldate = {2025-07-16}
}

@online{win-rate,
    title = {binance.com - Win Rate},
    url = {https://academy.binance.com/en/glossary/win-rate},
    year = {2025},
    urldate = {2025-07-16}
}