@online{investopia-trading-strategy,
    title = {Investiopia.com - What Is a Trading Strategy? How to Develop One},
    url = {https://www.investopedia.com/terms/t/trading-strategy.asp},
    year = {2024},
    urldate = {2025-07-12}
}

@online{investopia-trading-strategy-components,
    title = {Investiopia.com - 10 Steps to Building a Winning Trading Plan},
    url = {https://www.investopedia.com/articles/trading/04/042104.asp},
    year = {2024},
    urldate = {2025-07-12}
}

@article{ta-basics,
    author = {Akdoğan, Yunus Emre},
    year = {2025},
    month = {03},
    pages = {275-302},
    title = {WHEN MACHINES LEARN TECHNICAL ANALYSIS: AN APPLICATION ON TECHNICAL ANALYSIS WITH MACHINE LEARNING IN BORSA ISTANBUL},
    volume = {27},
    journal = {Trakya Üniversitesi Sosyal Bilimler Dergisi},
    doi = {10.26468/trakyasobed.1514346}
}

@article{sma-strategy-basics,
    author = {Mazumder, Sabyasachi and Neogy, Sayan and Das, Sahana},
    year = {2023},
    month = {04},
    pages = {26-40},
    title = {Simple Moving Average (SMA) Crossover Strategy with Buy Sell Indicator},
    volume = {03},
    journal = {Asia-Pacific Journal of Management and Technology},
    doi = {10.46977/apjmt.2023.v03i04.004}
}

@online{sma-advantage-disadvantage,
    title = {medium.com - SMA Dual Moving Average Trading Strategy},
    url = {https://medium.com/@redsword_23261/sma-dual-moving-average-trading-strategy-c1b764fe809c},
    year = {2024},
    urldate = {2025-07-14}
}

@online{sma-sl-tp,
    title = {investopia.com - How to Use a Moving Average to Buy Stocks},
    url = {https://www.investopedia.com/articles/active-trading/052014/how-use-moving-average-buy-stocks.asp},
    year = {2025},
    urldate = {2025-07-14}
}

@online{ema3-basics,
    title = {howtotrade.com - The Triple Moving Average Crossover Strategy (With Examples)},
    url = {https://howtotrade.com/trading-strategies/triple-moving-average-crossover/},
    year = {2025},
    urldate = {2025-07-15}
}

@article{bb-basics,
    author = {Chen, Chun-Hao and Lai, Wei-Hsun and Hung, Shih-Ting and Hong, Tzung-Pei},
    year = {2022},
    month = {01},
    pages = {1052},
    title = {An Advanced Optimization Approach for Long-Short Pairs Trading Strategy Based on Correlation Coefficients and Bollinger Bands},
    volume = {12},
    journal = {Applied Sciences},
    doi = {10.3390/app12031052}
}