@online{java-service-loader,
    title = {oracle.com - ServiceLoader (Java SE 17 \& JDK 17)},
    url = {https://docs.oracle.com/javase/8/docs/api/java/util/ServiceLoader.html},
    year = {2025},
    urldate = {2025-06-26}
}

@online{ig-slippage,
    title = {ig.com - Slippage definition},
    url = {https://www.ig.com/uk/glossary-trading-terms/slippage-definition},
    year = {2025},
    urldate = {2025-06-26}
}

@online{ig-trailing,
    title = {ig.com - Trailing stop orders definition},
    url = {https://www.ig.com/uk/glossary-trading-terms/trailing-stops-definition},
    year = {2025},
    urldate = {2025-06-26}
}

@online{margin-calculation,
    title = {lbank.com - How to calculate Profit and Loss (PnL) & PnL\%?},
    url = {https://www.lbank.com/support/articles/37004050587673},
    year = {2024},
    urldate = {2025-06-26}
}