@inproceedings{backtesting,
    author = {Ni, Jiarui and Zhang, Chengqi},
    year = {2005},
    month = {11},
    pages = {126-131},
    title = {An Efficient Implementation of the Backtesting of Trading Strategies},
    volume = {3758},
    isbn = {978-3-540-29769-7},
    doi = {10.1007/11576235_17}
}