@online{get-kline,
    title = {bybit-exchange.github.io - Get Kline},
    url = {https://bybit-exchange.github.io/docs/v5/market/kline},
    year = {2025},
    urldate = {2025-07-19}
}

@online{stream-kline,
    title = {bybit-exchange.github.io - Kline},
    url = {https://bybit-exchange.github.io/docs/v5/websocket/public/kline},
    year = {2025},
    urldate = {2025-07-19}
}


@online{wallet-balance,
    title = {bybit-exchange.github.io - Get Wallet Balance},
    url = {https://bybit-exchange.github.io/docs/v5/account/wallet-balance},
    year = {2025},
    urldate = {2025-07-19}
}

@online{place-order,
    title = {bybit-exchange.github.io - Place Order},
    url = {https://bybit-exchange.github.io/docs/v5/order/create-order},
    year = {2025},
    urldate = {2025-07-19}
}

@online{position-info,
    title = {bybit-exchange.github.io - Get Position Info},
    url = {https://bybit-exchange.github.io/docs/v5/position},
    year = {2025},
    urldate = {2025-07-19}
}

@online{closed-pnl,
    title = {bybit-exchange.github.io - Get Closed PnL},
    url = {https://bybit-exchange.github.io/docs/v5/position/close-pnl},
    year = {2025},
    urldate = {2025-07-19}
}

@online{integration,
    title = {bybit-exchange.github.io - Integration Guidance},
    url = {https://bybit-exchange.github.io/docs/v5/guide},
    year = {2025},
    urldate = {2025-07-19}
}

@online{ws-connect,
    title = {bybit-exchange.github.io - Connect},
    url = {https://bybit-exchange.github.io/docs/v5/ws/connect},
    year = {2025},
    urldate = {2025-07-19}
}

