@misc{cluster-neighbors,
    title = {MPAD: A New Dimension-Reduction Method for Preserving Nearest Neighbors in High-Dimensional Vector Search},
    author = {Jiuzhou Fu and Dongfang Zhao},
    year = {2025},
    eprint = {2504.16335},
    archivePrefix = {arXiv},
    primaryClass = {cs.IR},
    url = {https://arxiv.org/abs/2504.16335},
}

@online{dbscan,
    title = {scikit-learn.org - DBSCAN},
    url = {https://scikit-learn.org/stable/modules/generated/sklearn.cluster.DBSCAN.html},
    year = {2025},
    urldate = {2025-07-19}
}